<record><leader>01768cam a22004575i 4500</leader><controlfield tag="001">6789990</controlfield><controlfield tag="003">The World Bank</controlfield><controlfield tag="005">20150108142656.0</controlfield><controlfield tag="006">m     o  d        </controlfield><controlfield tag="007">cr cn|||||||||</controlfield><controlfield tag="008">150107t20152015dcua    ob   i000 0 eng d</controlfield><datafield ind1=" " ind2=" " tag="010"><subfield code="a">2015374094</subfield></datafield><datafield ind1=" " ind2=" " tag="020"><subfield code="a">1464803706</subfield></datafield><datafield ind1=" " ind2=" " tag="020"><subfield code="a">9781464803703</subfield></datafield><datafield ind1=" " ind2=" " tag="035"><subfield code="a">ocn896151336</subfield></datafield><datafield ind1=" " ind2=" " tag="039"><subfield code="a">exclude</subfield></datafield><datafield ind1=" " ind2=" " tag="040"><subfield code="a">YDXCP</subfield><subfield code="b">eng</subfield><subfield code="c">YDXCP</subfield><subfield code="e">rda</subfield><subfield code="d">BTCTA</subfield><subfield code="d">OCLCQ</subfield><subfield code="d">BDX</subfield><subfield code="d">TJC</subfield><subfield code="d">CDX</subfield><subfield code="d">OCLCQ</subfield><subfield code="d">DLC</subfield><subfield code="d">AEU</subfield></datafield><datafield ind1="0" ind2="4" tag="082"><subfield code="a">345</subfield></datafield><datafield ind1=" " ind2=" " tag="090"><subfield code="a">Internet Access</subfield><subfield code="b">AEU</subfield></datafield><datafield ind1="0" ind2="0" tag="097"><subfield code="a">K920</subfield><subfield code="b">.B786 2015</subfield></datafield><datafield ind1="1" ind2=" " tag="100"><subfield code="a">Brun, Jean-Pierre,</subfield><subfield code="d">1962-</subfield><subfield code="e">author.</subfield></datafield><datafield ind1="1" ind2="0" tag="245"><subfield code="a">Public wrongs, private actions :</subfield><subfield code="b">civil lawsuits to recover stolen assets /</subfield><subfield code="c">Jean-Pierre Brun [and 8 others].</subfield></datafield><datafield ind1="3" ind2="0" tag="246"><subfield code="a">Civil lawsuits to recover stolen assets</subfield></datafield><datafield ind1=" " ind2="1" tag="264"><subfield code="a">Washington, DC :</subfield><subfield code="b">STAR Stolen Asset Recovery Initiative, The World Bank-UNODC,</subfield><subfield code="c">[2015]</subfield></datafield><datafield ind1=" " ind2="4" tag="264"><subfield code="c">&#194;&#169;2015</subfield></datafield><datafield ind1=" " ind2=" " tag="300"><subfield code="a">1 online resource (xv, 138 pages) :</subfield><subfield code="b">illustrations ;</subfield><subfield code="c">26 cm</subfield></datafield><datafield ind1=" " ind2=" " tag="336"><subfield code="a">text</subfield><subfield code="b">txt</subfield><subfield code="2">rdacontent</subfield></datafield><datafield ind1=" " ind2=" " tag="337"><subfield code="a">unmediated</subfield><subfield code="b">n</subfield><subfield code="2">rdamedia</subfield></datafield><datafield ind1=" " ind2=" " tag="338"><subfield code="a">volume</subfield><subfield code="b">nc</subfield><subfield code="2">rdacarrier</subfield></datafield><datafield ind1=" " ind2=" " tag="504"><subfield code="a">Includes bibliographical references.</subfield></datafield><datafield ind1=" " ind2=" " tag="506"><subfield code="a">Access restricted to authorized users and institutions.</subfield></datafield><datafield ind1=" " ind2=" " tag="588"><subfield code="a">Description based on print version record.</subfield></datafield><datafield ind1=" " ind2=" " tag="596"><subfield code="a">44</subfield></datafield><datafield ind1=" " ind2="0" tag="650"><subfield code="a">Actions and defenses.</subfield></datafield><datafield ind1=" " ind2="0" tag="650"><subfield code="a">Corruption.</subfield></datafield><datafield ind1=" " ind2="0" tag="650"><subfield code="a">Forfeiture.</subfield></datafield><datafield ind1=" " ind2="0" tag="650"><subfield code="a">Unjust enrichment.</subfield></datafield><datafield ind1="2" ind2=" " tag="710"><subfield code="a">Stolen Asset Recovery Initiative,</subfield><subfield code="e">issuing body.</subfield></datafield><datafield ind1="4" ind2="0" tag="856"><subfield code="3">University of Alberta Access</subfield><subfield code="u">http://elibrary.worldbank.org/doi/book/10.1596/978-1-4648-0370-3</subfield><subfield code="z">(Unlimited Concurrent Users)</subfield></datafield><datafield ind1=" " ind2=" " tag="949"><subfield code="h">UAIN</subfield><subfield code="z">WLDBANK</subfield></datafield><datafield ind1=" " ind2=" " tag="926"><subfield code="a">Internet Access</subfield><subfield code="w">LC</subfield><subfield code="c">1</subfield><subfield code="i">6789990-1001</subfield><subfield code="l">INTERNET</subfield><subfield code="m">UAINTERNET</subfield><subfield code="r">Y</subfield><subfield code="s">Y</subfield><subfield code="t">E-RESOURCE</subfield><subfield code="u">1/28/2015</subfield><subfield code="x">E-BOOK</subfield><subfield code="z">WLDBANK</subfield></datafield></record>